@misc{Konrad2017GitHub,
  author = {Konrad, Markus},
  title = {{pdftabextract - A set of tools for data mining (OCR-processed) PDFs}},
  year = {2017},
  publisher = {GitHub},
  journal = {GitHub repository},
  howpublished = {\url{https://github.com/WZBSocialScienceCenter/pdftabextract}},
  commit = {4f57d6a0e4c030202a07a60bc1bb1ed1544bf679}
}
@misc{Konrad2017Blog,
  title         = {{Data Mining OCR PDFs - Using pdftabextract to liberate tabular data from scanned documents}},
  author        = {Konrad, Markus},
  year          = 2017,
  month         = feb,
  publisher     = {WZB Data Science Blog},
  url           = {https://datascience.blog.wzb.eu/2017/02/16/data-mining-ocr-pdfs-using-pdftabextract-to-liberate-tabular-data-from-scanned-documents/}
}
@misc{tabula2018,
  title         = {{Tabula is a tool for liberating data tables locked inside PDF files.}},
  year          = 2018,
  month         = jun,
  journal       = {Tabula},
  url           = {{https://tabula.technology/}}
}
@misc{tabula2018issue,
  title         = {{Feature request : OCR mode: Integrate Tabula and Tesseract OCR to facilitate scanned tabular document OCR Issue \#409  tabulapdf/tabula}},
  author        = {Tabulapdf},
  journal       = {GitHub},
  publisher     = {GitHub},
  url           = {https://github.com/tabulapdf/tabula/issues/409}
}
@misc{camscanner,
  title         = {{CamScanner}},
  journal       = {CamScanner},
  url           = {https://www.camscanner.com/}
}
@misc{fastscanner,
  title         = {FastScanner},
  journal       = {Fast Scanner - Free Scanner app},
  publisher     = {Cool Mobile Solution},
  url           = {https://www.coolmobilesolution.com/}
}
@misc{googleTesseract,
  title         = {tesseract-ocr/tesseract},
  author        = {{Google LLC}},
  year          = 2019,
  month         = apr,
  journal       = {GitHub},
  publisher     = {Google},
  url           = {https://github.com/tesseract-ocr/tesseract}
}
@article{opencv_library,
    author = {Bradski, G.},
    citeulike-article-id = {2236121},
    journal = {Dr. Dobb's Journal of Software Tools},
    keywords = {bibtex-import},
    posted-at = {2008-01-15 19:21:54},
    priority = {4},
    title = {{The OpenCV Library}},
    year = {2000}
}
@article{gonzalez2002richard,
  title={Richard E. woods},
  author={Gonzalez, Rafael C},
  journal={Digital image processing},
  volume={2},
  pages={550--570},
  year={2002},
  publisher={Beijing: Publishing House of Electronics industry, 20B2}
}